[gd_scene load_steps=21 format=2]

[ext_resource path="res://npc/victima/victima.tscn" type="PackedScene" id=1]
[ext_resource path="res://Player/Player.tscn" type="PackedScene" id=2]
[ext_resource path="res://Trees/PineGreen.tscn" type="PackedScene" id=3]
[ext_resource path="res://Bushes/Bush.tscn" type="PackedScene" id=4]
[ext_resource path="res://Tiles/Tiles.tscn" type="PackedScene" id=5]
[ext_resource path="res://Rocks/Rock.tscn" type="PackedScene" id=6]
[ext_resource path="res://Cars/Car.tscn" type="PackedScene" id=7]
[ext_resource path="res://level.gd" type="Script" id=8]
[ext_resource path="res://Cabins/Cabin.tscn" type="PackedScene" id=9]
[ext_resource path="res://Particles/snow_particle.tscn" type="PackedScene" id=10]
[ext_resource path="res://Swipe/Swipe_area.tscn" type="PackedScene" id=11]
[ext_resource path="res://Pad/Pad.tscn" type="PackedScene" id=12]
[ext_resource path="res://Label.gd" type="Script" id=13]
[ext_resource path="res://preLevel/Pokemon GB.ttf" type="DynamicFontData" id=14]
[ext_resource path="res://Cabins/CabinBuried.tscn" type="PackedScene" id=15]
[ext_resource path="res://Music/baseTribal.ogg" type="AudioStream" id=16]
[ext_resource path="res://HUD/HUD.tscn" type="PackedScene" id=17]
[ext_resource path="res://Pad/scream-icon-1.png" type="Texture" id=18]
[ext_resource path="res://Pad/shovel.png" type="Texture" id=19]

[sub_resource type="DynamicFont" id=1]
size = 25
outline_size = 2
outline_color = Color( 0, 0, 0, 1 )
font_data = ExtResource( 14 )

[node name="Level" type="Node2D"]
script = ExtResource( 8 )

[node name="Tiles" parent="." instance=ExtResource( 5 )]
tile_data = PoolIntArray( -1, 1, 0, -65536, 1, 0, -65535, 1, 0, -65534, 1, 0, -65533, 1, 0, -65532, 1, 0, -65531, 1, 0, -65530, 1, 0, -65529, 1, 0, -65528, 1, 0, -65527, 1, 0, -65526, 1, 0, -65525, 1, 0, 65535, 1, 0, 0, 1, 0, 1, 1, 0, 2, 1, 0, 3, 1, 0, 4, 1, 0, 5, 1, 0, 6, 1, 0, 7, 1, 0, 8, 1, 0, 9, 1, 0, 10, 1, 0, 11, 1, 0, 131071, 1, 0, 65536, 1, 0, 65537, 1, 0, 65538, 1, 0, 65539, 1, 0, 65540, 1, 0, 65541, 1, 0, 65542, 1, 0, 65543, 1, 0, 65544, 1, 0, 65545, 1, 0, 65546, 1, 0, 65547, 1, 0, 196607, 1, 0, 131072, 1, 0, 131073, 1, 0, 131074, 1, 0, 131075, 1, 0, 131076, 1, 0, 131077, 1, 0, 131078, 1, 0, 131079, 1, 0, 131080, 1, 0, 131081, 1, 0, 131082, 1, 0, 131083, 1, 0, 262143, 1, 0, 196608, 1, 0, 196609, 1, 0, 196610, 1, 0, 196611, 1, 0, 196612, 1, 0, 196613, 1, 0, 196614, 1, 0, 196615, 1, 0, 196616, 1, 0, 196617, 1, 0, 196618, 1, 0, 196619, 1, 0, 327679, 1, 0, 262144, 1, 0, 262145, 1, 0, 262146, 1, 0, 262147, 1, 0, 262148, 1, 0, 262149, 1, 0, 262150, 1, 0, 262151, 1, 0, 262152, 1, 0, 262153, 1, 0, 262154, 1, 0, 262155, 1, 0, 393215, 1, 0, 327680, 1, 0, 327681, 1, 0, 327682, 1, 0, 327683, 1, 0, 327684, 1, 0, 327685, 1, 0, 327686, 1, 0, 327687, 1, 0, 327688, 1, 0, 327689, 1, 0, 327690, 1, 0, 327691, 1, 0, 458751, 1, 0, 393216, 1, 0, 393217, 1, 0, 393218, 1, 0, 393219, 1, 0, 393220, 1, 0, 393221, 1, 0, 393222, 1, 0, 393223, 1, 0, 393224, 1, 0, 393225, 1, 0, 393226, 1, 0, 393227, 1, 0, 524287, 1, 0, 458752, 1, 0, 458753, 1, 0, 458754, 1, 0, 458755, 1, 0, 458756, 1, 0, 458757, 1, 0, 458758, 1, 0, 458759, 1, 0, 458760, 1, 0, 458761, 1, 0, 458762, 1, 0, 458763, 1, 0, 589823, 1, 0, 524288, 1, 0, 524289, 1, 0, 524290, 1, 0, 524291, 1, 0, 524292, 1, 0, 524293, 1, 0, 524294, 1, 0, 524295, 1, 0, 524296, 1, 0, 524297, 1, 0, 524298, 1, 0, 524299, 1, 0, 655359, 1, 0, 589824, 1, 0, 589825, 1, 0, 589826, 1, 0, 589827, 1, 0, 589828, 1, 0, 589829, 1, 0, 589830, 1, 0, 589831, 1, 0, 589832, 1, 0, 589833, 1, 0, 589834, 1, 0, 589835, 1, 0, 720895, 1, 0, 655360, 1, 0, 655361, 1, 0, 655362, 1, 0, 655363, 1, 0, 655364, 1, 0, 655365, 1, 0, 655366, 1, 0, 655367, 1, 0, 655368, 1, 0, 655369, 1, 0, 655370, 1, 0, 655371, 1, 0, 786431, 1, 0, 720896, 1, 0, 720897, 1, 0, 720898, 1, 0, 720899, 1, 0, 720900, 1, 0, 720901, 1, 0, 720902, 1, 0, 720903, 1, 0, 720904, 1, 0, 720905, 1, 0, 720906, 1, 0, 720907, 1, 0, 851967, 1, 0, 786432, 1, 0, 786433, 1, 0, 786434, 1, 0, 786435, 1, 0, 786436, 1, 0, 786437, 1, 0, 786438, 1, 0, 786439, 1, 0, 786440, 1, 0, 786441, 1, 0, 786442, 1, 0, 786443, 1, 0, 917503, 1, 0, 851968, 1, 0, 851969, 1, 0, 851970, 1, 0, 851971, 1, 0, 851972, 1, 0, 851973, 1, 0, 851974, 1, 0, 851975, 1, 0, 851976, 1, 0, 851977, 1, 0, 851978, 1, 0, 851979, 1, 0, 983039, 1, 0, 917504, 1, 0, 917505, 1, 0, 917506, 1, 0, 917507, 1, 0, 917508, 1, 0, 917509, 1, 0, 917510, 1, 0, 917511, 1, 0, 917512, 1, 0, 917513, 1, 0, 917514, 1, 0, 917515, 1, 0, 1048575, 1, 0, 983040, 1, 0, 983041, 1, 0, 983042, 1, 0, 983043, 1, 0, 983044, 1, 0, 983045, 1, 0, 983046, 1, 0, 983047, 1, 0, 983048, 1, 0, 983049, 1, 0, 983050, 1, 0, 983051, 1, 0, 1114111, 1, 0, 1048576, 1, 0, 1048577, 1, 0, 1048578, 1, 0, 1048579, 1, 0, 1048580, 1, 0, 1048581, 1, 0, 1048582, 1, 0, 1048583, 1, 0, 1048584, 1, 0, 1048585, 1, 0, 1048586, 1, 0, 1048587, 1, 0, 1179647, 1, 0, 1114112, 1, 0, 1114113, 1, 0, 1114114, 1, 0, 1114115, 1, 0, 1114116, 1, 0, 1114117, 1, 0, 1114118, 1, 0, 1114119, 1, 0, 1114120, 1, 0, 1114121, 1, 0, 1114122, 1, 0, 1114123, 1, 0, 1245183, 1, 0, 1179648, 1, 0, 1179649, 1, 0, 1179650, 1, 0, 1179651, 1, 0, 1179652, 1, 0, 1179653, 1, 0, 1179654, 1, 0, 1179655, 1, 0, 1179656, 1, 0, 1179657, 1, 0, 1179658, 1, 0, 1179659, 1, 0, 1310719, 1, 0, 1245184, 1, 0, 1245185, 1, 0, 1245186, 1, 0, 1245187, 1, 0, 1245188, 1, 0, 1245189, 1, 0, 1245190, 1, 0, 1245191, 1, 0, 1245192, 1, 0, 1245193, 1, 0, 1245194, 1, 0, 1245195, 1, 0, 1376255, 1, 0, 1310720, 1, 0, 1310721, 1, 0, 1310722, 1, 0, 1310723, 1, 0, 1310724, 1, 0, 1310725, 1, 0, 1310726, 1, 0, 1310727, 1, 0, 1310728, 1, 0, 1310729, 1, 0, 1310730, 1, 0, 1310731, 1, 0 )

[node name="Grid" type="Node2D" parent="."]

[node name="horizontalLines" type="Node2D" parent="Grid"]

[node name="Line2D" type="Line2D" parent="Grid/horizontalLines"]
position = Vector2( 0, 64 )
points = PoolVector2Array( 0, 0, 720, 0 )
width = 2.0
default_color = Color( 1, 1, 1, 1 )

[node name="Line2D3" type="Line2D" parent="Grid/horizontalLines"]
position = Vector2( 0, 128 )
points = PoolVector2Array( 0, 0, 720, 0 )
width = 2.0
default_color = Color( 1, 1, 1, 1 )

[node name="Line2D6" type="Line2D" parent="Grid/horizontalLines"]
position = Vector2( 0, 192 )
points = PoolVector2Array( 0, 0, 720, 0 )
width = 2.0
default_color = Color( 1, 1, 1, 1 )

[node name="Line2D7" type="Line2D" parent="Grid/horizontalLines"]
position = Vector2( 0, 256 )
points = PoolVector2Array( 0, 0, 720, 0 )
width = 2.0
default_color = Color( 1, 1, 1, 1 )

[node name="Line2D8" type="Line2D" parent="Grid/horizontalLines"]
position = Vector2( 0, 320 )
points = PoolVector2Array( 0, 0, 720, 0 )
width = 2.0
default_color = Color( 1, 1, 1, 1 )

[node name="Line2D12" type="Line2D" parent="Grid/horizontalLines"]
position = Vector2( 0, 384 )
points = PoolVector2Array( 0, 0, 720, 0 )
width = 2.0
default_color = Color( 1, 1, 1, 1 )

[node name="Line2D13" type="Line2D" parent="Grid/horizontalLines"]
position = Vector2( 0, 448 )
points = PoolVector2Array( 0, 0, 720, 0 )
width = 2.0
default_color = Color( 1, 1, 1, 1 )

[node name="Line2D14" type="Line2D" parent="Grid/horizontalLines"]
position = Vector2( 0, 512 )
points = PoolVector2Array( 0, 0, 720, 0 )
width = 2.0
default_color = Color( 1, 1, 1, 1 )

[node name="Line2D18" type="Line2D" parent="Grid/horizontalLines"]
position = Vector2( 0, 576 )
points = PoolVector2Array( 0, 0, 720, 0 )
width = 2.0
default_color = Color( 1, 1, 1, 1 )

[node name="Line2D19" type="Line2D" parent="Grid/horizontalLines"]
position = Vector2( 0, 640 )
points = PoolVector2Array( 0, 0, 720, 0 )
width = 2.0
default_color = Color( 1, 1, 1, 1 )

[node name="Line2D20" type="Line2D" parent="Grid/horizontalLines"]
position = Vector2( 0, 704 )
points = PoolVector2Array( 0, 0, 720, 0 )
width = 2.0
default_color = Color( 1, 1, 1, 1 )

[node name="Line2D26" type="Line2D" parent="Grid/horizontalLines"]
position = Vector2( 0, 768 )
points = PoolVector2Array( 0, 0, 720, 0 )
width = 2.0
default_color = Color( 1, 1, 1, 1 )

[node name="Line2D27" type="Line2D" parent="Grid/horizontalLines"]
position = Vector2( 0, 832 )
points = PoolVector2Array( 0, 0, 720, 0 )
width = 2.0
default_color = Color( 1, 1, 1, 1 )

[node name="Line2D31" type="Line2D" parent="Grid/horizontalLines"]
position = Vector2( 0, 896 )
points = PoolVector2Array( 0, 0, 720, 0 )
width = 2.0
default_color = Color( 1, 1, 1, 1 )

[node name="Line2D32" type="Line2D" parent="Grid/horizontalLines"]
position = Vector2( 0, 962 )
points = PoolVector2Array( 0, 0, 720, 0 )
width = 2.0
default_color = Color( 1, 1, 1, 1 )

[node name="Line2D35" type="Line2D" parent="Grid/horizontalLines"]
position = Vector2( 0, 1026 )
points = PoolVector2Array( 0, 0, 720, 0 )
width = 2.0
default_color = Color( 1, 1, 1, 1 )

[node name="Line2D36" type="Line2D" parent="Grid/horizontalLines"]
position = Vector2( 0, 1090 )
points = PoolVector2Array( 0, 0, 720, 0 )
width = 2.0
default_color = Color( 1, 1, 1, 1 )

[node name="Line2D37" type="Line2D" parent="Grid/horizontalLines"]
position = Vector2( 2, 1154 )
points = PoolVector2Array( 0, 0, 720, 0 )
width = 2.0
default_color = Color( 1, 1, 1, 1 )

[node name="Line2D40" type="Line2D" parent="Grid/horizontalLines"]
position = Vector2( 6, 1218 )
points = PoolVector2Array( 0, 0, 720, 0 )
width = 2.0
default_color = Color( 1, 1, 1, 1 )

[node name="Line2D41" type="Line2D" parent="Grid/horizontalLines"]
position = Vector2( 6, 1282 )
points = PoolVector2Array( 0, 0, 720, 0 )
width = 2.0
default_color = Color( 1, 1, 1, 1 )

[node name="Line2D24" type="Line2D" parent="Grid/horizontalLines"]
position = Vector2( 0, 2 )
points = PoolVector2Array( 0, 0, 720, 0 )
width = 2.0
default_color = Color( 1, 1, 1, 1 )

[node name="Line2D23" type="Line2D" parent="Grid/horizontalLines"]
points = PoolVector2Array( 0, 0, 720, 0 )
width = 2.0
default_color = Color( 1, 1, 1, 1 )

[node name="verticalLines" type="Node2D" parent="Grid"]

[node name="Line2D" type="Line2D" parent="Grid/verticalLines"]
position = Vector2( -32, 2 )
points = PoolVector2Array( 32, 1280, 32, -4 )
width = 2.0
default_color = Color( 1, 1, 1, 1 )

[node name="Line2D3" type="Line2D" parent="Grid/verticalLines"]
position = Vector2( 32, 4 )
points = PoolVector2Array( 32, 1280, 32, -4 )
width = 2.0
default_color = Color( 1, 1, 1, 1 )

[node name="Line2D5" type="Line2D" parent="Grid/verticalLines"]
position = Vector2( 96, 4 )
points = PoolVector2Array( 32, 1280, 32, -4 )
width = 2.0
default_color = Color( 1, 1, 1, 1 )

[node name="Line2D7" type="Line2D" parent="Grid/verticalLines"]
position = Vector2( 160, 2 )
points = PoolVector2Array( 32, 1280, 32, -4 )
width = 2.0
default_color = Color( 1, 1, 1, 1 )

[node name="Line2D9" type="Line2D" parent="Grid/verticalLines"]
position = Vector2( 224, 4 )
points = PoolVector2Array( 32, 1280, 32, -4 )
width = 2.0
default_color = Color( 1, 1, 1, 1 )

[node name="Line2D11" type="Line2D" parent="Grid/verticalLines"]
position = Vector2( 288, 4 )
points = PoolVector2Array( 32, 1280, 32, -4 )
width = 2.0
default_color = Color( 1, 1, 1, 1 )

[node name="Line2D13" type="Line2D" parent="Grid/verticalLines"]
position = Vector2( 352, 2 )
points = PoolVector2Array( 32, 1280, 32, -4 )
width = 2.0
default_color = Color( 1, 1, 1, 1 )

[node name="Line2D15" type="Line2D" parent="Grid/verticalLines"]
position = Vector2( 416, 4 )
points = PoolVector2Array( 32, 1280, 32, -4 )
width = 2.0
default_color = Color( 1, 1, 1, 1 )

[node name="Line2D17" type="Line2D" parent="Grid/verticalLines"]
position = Vector2( 480, 4 )
points = PoolVector2Array( 32, 1280, 32, -4 )
width = 2.0
default_color = Color( 1, 1, 1, 1 )

[node name="Line2D19" type="Line2D" parent="Grid/verticalLines"]
position = Vector2( 544, 2 )
points = PoolVector2Array( 32, 1280, 32, -4 )
width = 2.0
default_color = Color( 1, 1, 1, 1 )

[node name="Line2D21" type="Line2D" parent="Grid/verticalLines"]
position = Vector2( 608, 4 )
points = PoolVector2Array( 32, 1280, 32, -4 )
width = 2.0
default_color = Color( 1, 1, 1, 1 )

[node name="Line2D23" type="Line2D" parent="Grid/verticalLines"]
position = Vector2( 672, 4 )
points = PoolVector2Array( 32, 1280, 32, -4 )
width = 2.0
default_color = Color( 1, 1, 1, 1 )

[node name="Player" parent="." instance=ExtResource( 2 )]
position = Vector2( 480, 1184 )
max_energy = 150

[node name="Victimas" type="Node2D" parent="."]
visible = false

[node name="Victima" parent="Victimas" instance=ExtResource( 1 )]
position = Vector2( 222.467, 66 )

[node name="victima" parent="Victimas" instance=ExtResource( 1 )]
position = Vector2( 544, 480 )

[node name="victima2" parent="Victimas" instance=ExtResource( 1 )]
position = Vector2( 96, 800 )

[node name="victima3" parent="Victimas" instance=ExtResource( 1 )]
position = Vector2( 544, 800 )

[node name="Statics" type="Node2D" parent="."]

[node name="rock" parent="Statics" instance=ExtResource( 6 )]
position = Vector2( 0, 64 )

[node name="rock3" parent="Statics" instance=ExtResource( 6 )]
position = Vector2( -14.5152, 269.732 )

[node name="rock5" parent="Statics" instance=ExtResource( 6 )]
position = Vector2( -34, 544 )

[node name="rock6" parent="Statics" instance=ExtResource( 6 )]
position = Vector2( 36, 672 )

[node name="rock7" parent="Statics" instance=ExtResource( 6 )]
position = Vector2( -66, 770 )

[node name="rock8" parent="Statics" instance=ExtResource( 6 )]
position = Vector2( -2, 898 )

[node name="rock9" parent="Statics" instance=ExtResource( 6 )]
position = Vector2( -2, 1028 )

[node name="rock10" parent="Statics" instance=ExtResource( 6 )]
position = Vector2( 64, 1156 )

[node name="rock11" parent="Statics" instance=ExtResource( 6 )]
position = Vector2( -40, 1252 )

[node name="rock25" parent="Statics" instance=ExtResource( 6 )]
position = Vector2( 386, 1280 )

[node name="rock26" parent="Statics" instance=ExtResource( 6 )]
position = Vector2( 612, 1280 )

[node name="rock12" parent="Statics" instance=ExtResource( 6 )]
position = Vector2( 578, 32 )

[node name="rock13" parent="Statics" instance=ExtResource( 6 )]
position = Vector2( 740, 194 )

[node name="rock14" parent="Statics" instance=ExtResource( 6 )]
position = Vector2( 706, 322 )

[node name="rock15" parent="Statics" instance=ExtResource( 6 )]
position = Vector2( 772, 450 )

[node name="rock16" parent="Statics" instance=ExtResource( 6 )]
position = Vector2( 668, 546 )

[node name="rock17" parent="Statics" instance=ExtResource( 6 )]
position = Vector2( 707, 674 )

[node name="rock19" parent="Statics" instance=ExtResource( 6 )]
position = Vector2( 708, 802 )

[node name="rock20" parent="Statics" instance=ExtResource( 6 )]
position = Vector2( 722, 928 )

[node name="rock21" parent="Statics" instance=ExtResource( 6 )]
position = Vector2( 739, 1056 )

[node name="rock22" parent="Statics" instance=ExtResource( 6 )]
position = Vector2( 754, 1184 )

[node name="rock24" parent="Statics" instance=ExtResource( 6 )]
position = Vector2( 724, 1312 )

[node name="rock18" parent="Statics" instance=ExtResource( 6 )]
position = Vector2( 96, -64 )

[node name="rock23" parent="Statics" instance=ExtResource( 6 )]
position = Vector2( 352, -64 )

[node name="Car" parent="Statics" instance=ExtResource( 7 )]
position = Vector2( 510, 1220.9 )

[node name="Car2" parent="Statics" instance=ExtResource( 7 )]
position = Vector2( 320, 510 )

[node name="Bush" parent="Statics" instance=ExtResource( 4 )]
position = Vector2( 32, 160 )

[node name="Bush5" parent="Statics" instance=ExtResource( 4 )]
position = Vector2( -32, 384 )

[node name="Bush6" parent="Statics" instance=ExtResource( 4 )]
position = Vector2( -64, 429.732 )

[node name="Bush7" parent="Statics" instance=ExtResource( 4 )]
position = Vector2( 17.4848, 467.103 )

[node name="Bush3" parent="Statics" instance=ExtResource( 4 )]
position = Vector2( 56, 1254 )

[node name="Bush4" parent="Statics" instance=ExtResource( 4 )]
position = Vector2( 352, 836 )

[node name="Bush8" parent="Statics" instance=ExtResource( 4 )]
position = Vector2( 160, 964 )

[node name="Bush9" parent="Statics" instance=ExtResource( 4 )]
position = Vector2( 363.123, 1024 )

[node name="Bush2" parent="Statics" instance=ExtResource( 4 )]
position = Vector2( 604, 126 )

[node name="pineGreen" parent="Statics" instance=ExtResource( 3 )]
position = Vector2( 192, -16 )
scale = Vector2( 2, 2 )
z_index = 100

[node name="pineGreen11" parent="Statics" instance=ExtResource( 3 )]
position = Vector2( 96, 365.732 )
scale = Vector2( 2, 2 )
z_index = 100

[node name="pineGreen12" parent="Statics" instance=ExtResource( 3 )]
position = Vector2( 160, 674 )
scale = Vector2( 2, 2 )
z_index = 100

[node name="pineGreen9" parent="Statics" instance=ExtResource( 3 )]
position = Vector2( 258, -16 )
scale = Vector2( 2, 2 )
z_index = 100

[node name="pineGreen10" parent="Statics" instance=ExtResource( 3 )]
position = Vector2( 288, 160 )
scale = Vector2( 2, 2 )
z_index = 100

[node name="pineGreen2" parent="Statics" instance=ExtResource( 3 )]
position = Vector2( 480, -64 )
scale = Vector2( 2, 2 )
z_index = 100

[node name="pineGreen3" parent="Statics" instance=ExtResource( 3 )]
position = Vector2( 288, 352 )
scale = Vector2( 2, 2 )
z_index = 100

[node name="pineGreen4" parent="Statics" instance=ExtResource( 3 )]
position = Vector2( 482, 674 )
scale = Vector2( 2, 2 )
z_index = 100

[node name="pineGreen8" parent="Statics" instance=ExtResource( 3 )]
position = Vector2( 415.78, 160 )
scale = Vector2( 2, 2 )
z_index = 100

[node name="pineGreen6" parent="Statics" instance=ExtResource( 3 )]
position = Vector2( 612, 674 )
scale = Vector2( 2, 2 )
z_index = 100

[node name="pineGreen7" parent="Statics" instance=ExtResource( 3 )]
position = Vector2( 544, 932 )
scale = Vector2( 2, 2 )
z_index = 100

[node name="pineGreen5" parent="Statics" instance=ExtResource( 3 )]
position = Vector2( 288, 736 )
scale = Vector2( 2, 2 )
z_index = 100

[node name="cabin" parent="Statics" instance=ExtResource( 9 )]
position = Vector2( 254, 1124 )
z_index = 100

[node name="cabinBuried" parent="Statics" instance=ExtResource( 15 )]
position = Vector2( 473.38, 365.732 )
z_index = 100

[node name="Node2D" type="Node2D" parent="."]
z_index = 4000

[node name="HUD" parent="Node2D" instance=ExtResource( 17 )]
margin_right = 720.0
margin_bottom = 200.0

[node name="Walk_swipe" parent="." instance=ExtResource( 11 )]
position = Vector2( 363.123, 494.686 )
z_index = 4000
mode = 2

[node name="Scream_pad" parent="." instance=ExtResource( 12 )]
position = Vector2( 596, 1175.43 )
z_index = 4096
mode = 1
icon_res = ExtResource( 18 )
icon_scale = 0.15

[node name="Dig_pad" parent="." instance=ExtResource( 12 )]
position = Vector2( 108, 1171.43 )
z_index = 4096
mode = 1
icon_res = ExtResource( 19 )
icon_scale = 0.15

[node name="snowParticles" parent="." instance=ExtResource( 10 )]
z_index = 500

[node name="Music" type="AudioStreamPlayer2D" parent="."]
position = Vector2( 363.123, 514 )
stream = ExtResource( 16 )
autoplay = true

[node name="resetGame" type="Timer" parent="."]
wait_time = 5.0

[node name="Label" type="Label" parent="."]
visible = false
modulate = Color( 0.0117647, 0.372549, 0.54902, 1 )
margin_left = 68.0045
margin_top = 333.732
margin_right = 695.005
margin_bottom = 572.732
custom_fonts/font = SubResource( 1 )
text = "UNA VÍCTIMA RESCATADA"
align = 1
valign = 1
script = ExtResource( 13 )
__meta__ = {
"_edit_use_anchors_": false
}

[node name="Timer" type="Timer" parent="Label"]
wait_time = 1.825
one_shot = true
[connection signal="energy_emptied" from="Player" to="." method="_on_Player_energy_emptied"]
[connection signal="victim_found" from="Player" to="." method="_on_Player_victim_found"]
[connection signal="swipe_ended" from="Walk_swipe" to="Player" method="_on_walk_swipe_ended"]
[connection signal="swipe_started" from="Walk_swipe" to="Player" method="_on_walk_swipe_started"]
[connection signal="swipe_ended" from="Scream_pad" to="Player" method="_on_scream_swipe_ended"]
[connection signal="swipe_started" from="Scream_pad" to="Player" method="_on_scream_swipe_started"]
[connection signal="swipe_ended" from="Dig_pad" to="Player" method="_on_Dig_pad_swipe_ended"]
[connection signal="swipe_started" from="Dig_pad" to="Player" method="_on_Dig_pad_swipe_started"]
[connection signal="timeout" from="resetGame" to="." method="_on_resetGame_timeout"]
[connection signal="timeout" from="Label/Timer" to="Label" method="_on_Timer_timeout"]
